@Book{wood2017,
    author = "Julia T Wood", 
    year = 2017,
    title = "Communication Theories in Action: An Introduction",
    publisher = "{Cengage Learning; 3rd edition}",
    address = "New York"
},

@misc{kobeTweet,
  author       = {Kobe Bryant},
  howpublished = {\href{https://twitter.com/kobebryant/status/1221276426164269056?s=20&t=9JS0OxuSBs1XT9TdmveSmA}{Twitter}},
  title        = {Continuing to move the game forward @KingJames. Much respect my brother 33644},
  year         = {2020}
}

@article{eckart2022,
  author          = {Kim Eckart},
  journal         = {UW News},
  number          = {1},
  title           = {Black-owned restaurants disproportionately impacted during pandemic},
  volume          = {1},
  year            = {2022}
}

@article{nishime2016,
  author          = {LeiLani Nishime},
  journal         = {Paratexts, Promos, and Publicity},
  number          = {2},
  title           = {Reviving Bruce: negotiating Asian masculinity through Bruce Lee paratexts in Giant Robot and Angry Asian Man},
  volume          = {34},
  year            = {2017}
}