@misc{lesson7,
  author       = {Dr. Anis Rahman},
  howpublished = {Canvas},
  title        = {Lesson 7: Political Communication},
  year         = {2022}
}

@misc{lesson8,
  author       = {Dr. Anis Rahman},
  howpublished = {Canvas},
  title        = {Lesson 8: Political Economy of Media and Journalism},
  year         = {2022}
}

@article{vox,
  author          = {Li Zhou},
  journal         = {Vox},
  number          = {1},
  title           = {Democrats hang on to their crucial Senate majority},
  volume          = {1},
  year            = {2022}
}

@article{poll,
  author          = {Laura Silver},
  journal         = {Pew Resarch Center},
  number          = {1},
  title           = {Most across 19 countries see strong partisan conflicts in their society, especially in South Korea and the U.S.},
  volume          = {1},
  year            = {2022}
}

@misc{video,
  author       = {Al Jazeera English},
  howpublished = {YouTube},
  title        = {Noam Chomsky - The 5 Filters of the Mass Media Machine},
  year         = {2022}
}

