@misc{lesson9,
  author       = {Dr. Anis Rahman},
  howpublished = {Canvas},
  title        = {Lesson 9: Media institutions},
  year         = {2022}
}

@misc{williams_2021, title={Supreme Court won't hear defamation claim over book that became 'war dogs' movie}, url={https://www.nbcnews.com/politics/supreme-court/supreme-court-won-t-hear-defamation-claim-over-book-became-n1273015}, journal={NBCNews.com}, publisher={NBCUniversal News Group}, author={Williams, Pete}, year={2021}, month={Jul}} 

@misc{lesson10,
  author       = {Dr. Anis Rahman},
  howpublished = {Canvas},
  title        = {Lesson 10: Global communication},
  year         = {2022}
}

@misc{ phuong_2016, title={Korean Wave as cultural imperialism: A study of K-pop reception in Vietnam}, url={https://studenttheses.universiteitleiden.nl/handle/1887/37300}, journal={Korean Wave as Cultural Imperialism: A study of K-pop Reception in Vietnam | Student Repository}, publisher={Dr. Namhee Han}, author={ Phuong, Duong  Nguyen Hoai}, year={2016}, month={Jan}} 

