@Book{ong1982,
    author = "Walter J Ong", 
    year = 1982,
    title = "Orality and Literacy: The Technologizing of the Word",
    publisher = "{Routledge}",
    address = "London"
}

@Book{timoti1993,
    author = "Tīmoti Kāretu", 
    year = 1993,
    title = "Haka!: Te Tohu O Te Whenua Rangatira",
    publisher = "{Reed}",
    address = "Auckland"
}

@article{hemo2015, 
    author          = {Hemopereki Simon },
    journal         = {University of Wollongong},
    number          = {1},
    title           = {Me Haka I te Haka a Tanerore?: Maori 'Post-War' Culture and the Place of 
    Haka in Commemoration at Gallipoli},
    volume          = {1},
    year            = {2015}

}

@article{good2014,
  author          = {Dan Good},
  journal         = {ABC News},
  title           = {New Zealand Basketball Team's Haka Dance Baffles Team USA},
  year            = {2014}
}

@misc{lesson6,
  author       = {Dr. Anis Rahman},
  howpublished = {Canvas},
  title        = {Lesson 6: Communication technology and society},
  year         = {2022}
}

@misc{lesson4,
  author       = {Dr. Anis Rahman},
  howpublished = {Canvas},
  title        = {Lesson 4: Orality and Literacy?},
  year         = {2022}
}